@article{cox2004sort,
	title={A (sort of) new image data format standard: Nifti-1},
	author={Cox, Robert W and Ashburner, John and Breman, Hester and Fissell, Kate and Haselgrove, Christian and Holmes, Colin J and Lancaster, Jack L and Rex, David E and Smith, Stephen M and Woodward, Jeffrey B and others},
	journal={Neuroimage},
	volume={22},
	pages={e1440},
	year={2004}
}

@inproceedings{mustra2008overview,
	title={Overview of the DICOM standard},
	author={Mustra, Mario and Delac, Kresimir and Grgic, Mislav},
	booktitle={ELMAR, 2008. 50th International Symposium},
	volume={1},
	pages={39--44},
	year={2008},
	organization={IEEE}
}

